@inproceedings{Burkett:2008:TLB:1613715.1613828,
 author = {Burkett, David and Klein, Dan},
 title = {Two Languages Are Better Than One (for Syntactic Parsing)},
 booktitle = {Proceedings of the Conference on Empirical Methods in Natural Language Processing},
 series = {EMNLP '08},
 year = {2008},
 location = {Honolulu, Hawaii},
 pages = {877--886},
 numpages = {10},
 url = {http://dl.acm.org/citation.cfm?id=1613715.1613828},
 acmid = {1613828},
 publisher = {Association for Computational Linguistics},
 address = {Stroudsburg, PA, USA},
}

@inproceedings{Huang:2009:BSP:1699648.1699668,
 author = {Huang, Liang and Jiang, Wenbin and Liu, Qun},
 title = {Bilingually-constrained (Monolingual) Shift-reduce Parsing},
 booktitle = {Proceedings of the 2009 Conference on Empirical Methods in Natural Language Processing: Volume 3 - Volume 3},
 series = {EMNLP '09},
 year = {2009},
 isbn = {978-1-932432-63-3},
 location = {Singapore},
 pages = {1222--1231},
 numpages = {10},
 url = {http://dl.acm.org/citation.cfm?id=1699648.1699668},
 acmid = {1699668},
 publisher = {Association for Computational Linguistics},
 address = {Stroudsburg, PA, USA},
}

@inproceedings{xue2002building,
  title={Building a large-scale annotated Chinese corpus},
  author={Xue, Nianwen and Chiou, Fu-Dong and Palmer, Martha},
  booktitle={COLING 2002: The 19th International Conference on Computational Linguistics},
  year={2002}
}

@article{Valiant1979TheCO,
  title={The Complexity of Computing the Permanent},
  author={Leslie G. Valiant},
  journal={Theor. Comput. Sci.},
  year={1979},
  volume={8},
  pages={189-201}
}
