@MISC{Dunlop_optimizingcyk,
    author = {Aaron Dunlop and Brian Roark},
    title = {Optimizing CYK parsing on modern processors},
    year = {}
}
